<?xml version="1.0" encoding="UTF-8"?><collection xmlns="http://www.loc.gov/MARC21/slim"><record><leader>00493nam--2200181-i-4500</leader><controlfield tag="001">000009945</controlfield><controlfield tag="002">20161230</controlfield><controlfield tag="005">20161230201028</controlfield><controlfield tag="008">060222s1000------------r-----000-0-eng-d</controlfield><datafield ind1=" " ind2=" " tag="040"><subfield code="a">IFIN-HH</subfield></datafield><datafield ind1=" " ind2=" " tag="080"><subfield code="a">538.566</subfield></datafield><datafield ind1="1" ind2=" " tag="100"><subfield code="a">Crawford, Frank S</subfield></datafield><datafield ind1="1" ind2="0" tag="245"><subfield code="a">Berkeley physics course vol. 3. waves</subfield><subfield code="c">Frank s. crawfors, jr</subfield></datafield><datafield ind1=" " ind2=" " tag="260"><subfield code="a">New York</subfield><subfield code="b">Mcgraw-hill Book Comp</subfield><subfield code="c">1968</subfield></datafield><datafield ind1=" " ind2=" " tag="300"><subfield code="a">XVIII+600P</subfield></datafield><datafield ind1=" " ind2=" " tag="490"><subfield code="a">Berkeley Physics Course</subfield></datafield><datafield ind1=" " ind2=" " tag="852"><subfield code="a">23807</subfield><subfield code="c">53</subfield></datafield><datafield ind1=" " ind2=" " tag="CAT"><subfield code="a">Sys</subfield><subfield code="c">20150218</subfield><subfield code="h">123736</subfield></datafield></record></collection>